<?xml version="1.0" encoding="UTF-8"?><collection xmlns="http://www.loc.gov/MARC21/slim"><record><leader>00484nam--2200181-u-4500</leader><controlfield tag="001">000056477</controlfield><controlfield tag="002">20161230</controlfield><controlfield tag="005">20161230201052</controlfield><controlfield tag="008">151029s1000------------r-----000-0-rus-d</controlfield><datafield ind1=" " ind2=" " tag="040"><subfield code="a">IFIN-HH</subfield></datafield><datafield ind1=" " ind2=" " tag="041"><subfield code="a">rus</subfield></datafield><datafield ind1=" " ind2=" " tag="080"><subfield code="a">53.088(07)</subfield></datafield><datafield ind1="1" ind2=" " tag="100"><subfield code="a">Kitaeva, L.P</subfield></datafield><datafield ind1="1" ind2="0" tag="245"><subfield code="a">Metodi otenki pogresnostei v laboratornom studenceskom praktikume po fizike</subfield><subfield code="c">L.p. kitaeva</subfield></datafield><datafield ind1=" " ind2=" " tag="260"><subfield code="a">Tomsk</subfield><subfield code="b">Universiteta</subfield><subfield code="c">1974</subfield></datafield><datafield ind1=" " ind2=" " tag="300"><subfield code="a">48P</subfield></datafield><datafield ind1=" " ind2=" " tag="852"><subfield code="a">43505</subfield><subfield code="c">53.08</subfield></datafield><datafield ind1=" " ind2=" " tag="CAT"><subfield code="a">Sys</subfield><subfield code="c">20151029</subfield><subfield code="h">114710</subfield></datafield></record></collection>